@String{AAAI =  "Proc. Nat'l Conf. on Artificial Intelligence"}
@String{AAMAS =  "Int'l Conf. on Autonomous Agents and Multi-Agent Systems"}
@String{ACC= "American Control Conf."}
@String{ACITLSCM = "Advances in Computational Intelligence in Transport, Logistics, and Supply Chain Management"}
@String{ACMEC = "Proc. ACM Conf. on Electronic Commerce"}
@String{AIJ = "Artificial Intelligence Journal"}
@String{AIMag = "AI Magazine"}
@String{COR = "Computers and Operations Research"}
@String{DARS = "Distributed Autonomous Robotic Systems (DARS)"}
@String{ECAI = "European Conference on Artificial Intelligence"}
@String{EJOR = "European Journal of Operational Research"}
@String{HISSBC = "Handbooks in Information Systems Series: Business Computing"}
@String{HRI = "ACM/IEEE Int'l Conf. on Human-Robot Interaction (HRI)"}
@string{IAS =    "Proc. of the Int'l Conf. on Intelligent Autonomous Systems"}
@String{IAT = "Intelligent Agent Technology. IEEE/WIC/ACM Int'l Conf. on"}
@String{ICAPS = "Proc. Int'l Conf. on Automated Planning and Scheduling"}
@String{ICEC = "Proc. Int'l Conf. on Electronic Commerce"}
@String{ICRA = "Proc. IEEE Int'l Conf. on Robotics and Automation"}
@String{ICTAI = "Tools with Artificial Intelligence. IEEE Int'l Conf. on"}
@String{IEEE = "Proceedings of the IEEE"}
@String{IJCAI = "Proc. Int'l Joint Conf. on Artificial Intelligence"}
@String{IJRR = "The International Journal of Robotics Research"}
@String{IROS = "Proc. IEEE/RSJ Int. Conf. on Intelligent Robots and Systems"}
@String{JAAMAS ="Journal of Autonomous Agents and Multi-Agent Systems"},
@String{JAIR = "Journal of Artificial Intelligence Research"} 
@String{ORP = "Operations Research Proceedings"}
@String{RAS = "Robotics and Autonomous Systems"}
@String{RSS = "Proc. Robotics: Science and Systems (RSS)"}
@String{SIS = "Swarm Intelligence Symposium"}
@String{TRO = "IEEE Trans. on Robotics"}

@inproceedings{Luca-Samo-14,
author = {Simon M. Lucas and Spyridon Samothrakis and Diego Pérez},
title = {Fast Evolutionary Adaptation for Monte Carlo Tree Search},
booktitle = {Applications of Evolutionary Computation},
year = {2014},
isbn = {978-3-662-45523-4},
pages = {349--360},
location = {Spain},
doi = {https://doi.org/10.1007/978-3-662-45523-4_29},
publisher = {Springer},
}

@inproceedings{Coul-06,
author = {Rémi Coulom},
title = {Efficient Selectivity and Backup Operators in Monte Carlo Tree Search},
booktitle = {Computers and Games},
year = {2006},
isbn = {978-3-540-75537-1},
pages = {72--83},
location = {Italy},
doi = {https://doi.org/10.1007/978-3-540-75538-8_7},
publisher = {Springer},
}

@article{Rich-Sheb-98,
 author = "C.W. Richter and G.B. Sheble", 
 title = "Genetic algorithm evolution of utility bidding strategies for the competitive marketplace",
 journal= "IEEE Transactions on Power Systems",
 volume ="13",
 number = "1",
 pages = "256--261",
 year = "1998",
}

@inproceedings{Baes-Sepu-2000,
author = {F.F. Baesler and J.A. Sepulveda},
title = {MULTI-RESPONSE SIMULATION OPTIMIZATION USING STOCHASTIC GENETIC
SEARCH WITHIN A GOAL PROGRAMMING FRAMEWORK },
booktitle = {2000 Winter Simulation Conference Proceedings},
year = {2000},
isbn = {0-7803-6579-8},
pages = {788--794},
location = {Italy},
doi = {https://doi.org/10.1007/978-3-540-75538-8_7},
publisher = {Springer},
}

@article{Moravcik-Schmid-2017,
author = "Matej Moravčík and Martin Schmid and Neil Burch and Viliam Lisý and Dustin Morrill and Nolan Bard and Trevor Davis and Kevin Waugh and Michael Johanson and Michael Bowling",
title = "DeepStack: Expert-level artificial intelligence in heads-up no-limit poker",
journal="Science",
volume="356",
number="6337",
pages="508-513",
year="2017",
}

@inproceedings{Grae-Herb-2004,
  title={Learning to fight},
  author={Graepel, Thore and Herbrich, Ralf and Gold, Julian},
  booktitle={Proceedings of the International Conference on Computer Games: Artificial Intelligence, Design and Education},
  pages={193--200},
  year={2004},
  organization={Citeseer}
}

@article{Bunk-2017,
  title={A machine learning framework for sport result prediction},
  author={Bunker, Rory P and Thabtah, Fadi},
  journal={Applied computing and informatics},
  year={2017},
  publisher={Elsevier}
}
@article{Brown-2018,
  title={Superhuman AI for heads-up no-limit poker: Libratus beats top professionals},
  author={Brown, Noam and Sandholm, Tuomas},
  journal={Science},
  volume={359},
  number={6374},
  pages={418--424},
  year={2018},
  publisher={American Association for the Advancement of Science}
}

@incollection{Hoef-1994,
  title={Probability inequalities for sums of bounded random variables},
  author={Hoeffding, Wassily},
  booktitle={The Collected Works of Wassily Hoeffding},
  pages={409--426},
  year={1994},
  publisher={Springer}
}